<?xml version="1.0" encoding="UTF-8"?><collection xmlns="http://www.loc.gov/MARC21/slim"><record><leader>00366nam--2200133-i-4500</leader><controlfield tag="001">000015812</controlfield><controlfield tag="002">20161230</controlfield><controlfield tag="005">20161230201031</controlfield><controlfield tag="008">060222s1000------------r-----000-0-eng-d</controlfield><datafield ind1=" " ind2=" " tag="245"><subfield code="a">Mathematical methods in engineering</subfield></datafield><datafield ind1=" " ind2=" " tag="260"><subfield code="a">Chichester, John Wiley &amp; Sons, 1984</subfield></datafield><datafield ind1=" " ind2=" " tag="490"><subfield code="a">Handbook Of Applicable Mathematics</subfield></datafield><datafield ind1=" " ind2=" " tag="700"><subfield code="a">Davies, Glyn A.O</subfield></datafield><datafield ind1=" " ind2=" " tag="852"><subfield code="a">62:519.876.2</subfield></datafield></record></collection>